<collection xmlns="http://www.loc.gov/MARC21/slim"><record><leader>00854nam  2200253   450</leader><controlfield tag="001">882</controlfield><controlfield tag="003">http://montalegre.opacnet.com/OPAC/default.aspx?ContentAreaControl=ShowRegHoldings.ascx&amp;RegNo=16662</controlfield><datafield tag="010" ind1=" " ind2=" "><subfield code="a">972-23-3171-X</subfield></datafield><datafield tag="021" ind1=" " ind2=" "><subfield code="a">PT</subfield><subfield code="b">208478/04</subfield></datafield><datafield tag="100" ind1=" " ind2=" "><subfield code="a">20050119d2004    m  y0pory0103    ba</subfield></datafield><datafield tag="101" ind1="1" ind2=" "><subfield code="a">por</subfield><subfield code="c">ita</subfield></datafield><datafield tag="102" ind1=" " ind2=" "><subfield code="a">PT</subfield></datafield><datafield tag="105" ind1=" " ind2=" "><subfield code="a">y   z   000ay</subfield></datafield><datafield tag="200" ind1="1" ind2=" "><subfield code="a">&lt;Uma &gt;mãe quase perfeita</subfield><subfield code="f">Paola Mastrocola</subfield><subfield code="g">trad. Maria Jorge Vilar Figueiredo</subfield></datafield><datafield tag="205" ind1=" " ind2=" "><subfield code="a">1ª ed</subfield></datafield><datafield tag="210" ind1=" " ind2=" "><subfield code="a">Barcarena</subfield><subfield code="c">Presença</subfield><subfield code="d">2004</subfield></datafield><datafield tag="215" ind1=" " ind2=" "><subfield code="a">276, [4] p.</subfield><subfield code="d">23 cm</subfield></datafield><datafield tag="225" ind1="2" ind2=" "><subfield code="a">Grandes narrativas</subfield><subfield code="v">243</subfield></datafield><datafield tag="304" ind1=" " ind2=" "><subfield code="a">Tít. orig.: Palline di pane</subfield></datafield><datafield tag="675" ind1=" " ind2=" "><subfield code="a">821.131.1-31"19"</subfield><subfield code="v">BN</subfield><subfield code="z">por</subfield><subfield code="z">por</subfield></datafield><datafield tag="700" ind1=" " ind2="1"><subfield code="a">Mastrocola</subfield><subfield code="b">Paola</subfield><subfield code="3">582221</subfield></datafield><datafield tag="702" ind1=" " ind2="1"><subfield code="a">Figueiredo</subfield><subfield code="b">Maria Jorge Vilar de</subfield><subfield code="4">730</subfield></datafield><datafield tag="801" ind1=" " ind2="0"><subfield code="a">PT</subfield><subfield code="b">Biblioteca Municipal de Montalegre</subfield><subfield code="g">RPC</subfield></datafield><datafield tag="856" ind1=" " ind2=" "><subfield code="u">locateMedia.asp?cod=20060628094553&amp;ext=jpg</subfield><subfield code="z">CAPA</subfield></datafield><datafield tag="909" ind1="&#9;" ind2=" "><subfield code="a">1</subfield></datafield><datafield tag="966" ind1=" " ind2=" "><subfield code="a">0015891</subfield><subfield code="l">BMM</subfield><subfield code="s">SCG 821 MAS mãe 243</subfield></datafield></record></collection>